<record><leader>00000cas a22000007a 4500</leader><controlfield tag="001">17835752</controlfield><controlfield tag="008">880422d190u190ualudn ne      0    0eng d</controlfield><datafield ind1=" " ind2=" " tag="010"><subfield code="a">sn 88050090 </subfield></datafield><datafield ind1=" " ind2=" " tag="040"><subfield code="a">AAR</subfield><subfield code="b">eng</subfield><subfield code="c">AAR</subfield><subfield code="d">CPN</subfield><subfield code="d">OCLCQ</subfield></datafield><datafield ind1=" " ind2=" " tag="042"><subfield code="a">msc</subfield></datafield><datafield ind1="0" ind2=" " tag="130"><subfield code="a">Twin city herald (New Decatur, Ala.)</subfield></datafield><datafield ind1="1" ind2="0" tag="245"><subfield code="a">Twin city herald.</subfield></datafield><datafield ind1=" " ind2=" " tag="260"><subfield code="a">New Decatur, Ala. :</subfield><subfield code="b">Twin City Herald Pub. Co.</subfield></datafield><datafield ind1=" " ind2=" " tag="310"><subfield code="a">Daily (except Sun.)</subfield></datafield><datafield ind1=" " ind2=" " tag="515"><subfield code="a">Numbering is irregular.</subfield></datafield><datafield ind1=" " ind2=" " tag="588"><subfield code="a">Description based on: Vol. 1, no. 109 (Mar. 9, 1908).</subfield></datafield><datafield ind1=" " ind2=" " tag="752"><subfield code="a">United States</subfield><subfield code="b">Alabama</subfield><subfield code="c">Morgan</subfield><subfield code="d">New Decatur.</subfield></datafield><datafield ind1=" " ind2=" " tag="752"><subfield code="a">United States</subfield><subfield code="b">Alabama</subfield><subfield code="c">Morgan</subfield><subfield code="d">Decatur.</subfield></datafield><datafield ind1="0" ind2="0" tag="785"><subfield code="t">Twin city daily telegram</subfield><subfield code="w">(DLC)sn 88050089</subfield></datafield></record>